<?xml version="1.0" encoding="UTF-8"?><record xmlns="http://www.loc.gov/MARC21/slim" xmlns:cinclude="http://apache.org/cocoon/include/1.0" xmlns:zs="http://www.loc.gov/zing/srw/">
  <leader>00555cz  a2200133n  4500</leader>
  <controlfield tag="001">n  83073988 </controlfield>
  <controlfield tag="003">DLC</controlfield>
  <controlfield tag="005">20141208120508.0</controlfield>
  <controlfield tag="008">830121n| azannaab           |n aaa      </controlfield>
  <datafield tag="010" ind1=" " ind2=" ">
    <subfield code="a">n  83073988 </subfield>
  </datafield>
  <datafield tag="040" ind1=" " ind2=" ">
    <subfield code="a">DLC</subfield>
    <subfield code="b">eng</subfield>
    <subfield code="e">rda</subfield>
    <subfield code="c">DLC</subfield>
    <subfield code="d">DLC</subfield>
  </datafield>
  <datafield tag="046" ind1=" " ind2=" ">
    <subfield code="f">1940</subfield>
  </datafield>
  <datafield tag="100" ind1="1" ind2=" ">
    <subfield code="a">Hess, Wolfgang,</subfield>
    <subfield code="d">1940-</subfield>
  </datafield>
  <datafield tag="670" ind1=" " ind2=" ">
    <subfield code="a">His Pitch determination of speech signals, 1983:</subfield>
    <subfield code="b">CIP t.p. (W. Hess) verso of t.p. (Lehrstuhl für Datenverarbeitung im Institut für Informationstechnik, Technische Universität München) CIP data sheet (Wolfgang Hess; b. 9/28/40) bk. t.p. (Wolfgang Hess)</subfield>
  </datafield>
</record>